<record><leader>00000cas a22000007a 4500</leader><controlfield tag="001">24529961</controlfield><controlfield tag="008">911010d18961898nyuwr ne      0    0eng d</controlfield><datafield ind1=" " ind2=" " tag="010"><subfield code="a">sn 91066978 </subfield></datafield><datafield ind1=" " ind2=" " tag="040"><subfield code="a">NYS</subfield><subfield code="b">eng</subfield><subfield code="c">NYS</subfield><subfield code="d">OCLCQ</subfield></datafield><datafield ind1=" " ind2=" " tag="042"><subfield code="a">msc</subfield></datafield><datafield ind1="0" ind2="0" tag="245"><subfield code="a">Kingston weekly freeman.</subfield></datafield><datafield ind1="3" ind2="0" tag="246"><subfield code="a">Kingston freeman</subfield></datafield><datafield ind1=" " ind2=" " tag="260"><subfield code="a">Kingston, N.Y. :</subfield><subfield code="b">Kingston Freeman,</subfield><subfield code="c">1896-1898.</subfield></datafield><datafield ind1=" " ind2=" " tag="300"><subfield code="a">3 v.</subfield></datafield><datafield ind1=" " ind2=" " tag="310"><subfield code="a">Weekly</subfield></datafield><datafield ind1="0" ind2=" " tag="362"><subfield code="a">New ser. vol. 16, no. 31 (July 9, 1896)-new ser. v. 18, no. 30 (July 28, 1898).</subfield></datafield><datafield ind1=" " ind2=" " tag="500"><subfield code="a">Published on Thursday.</subfield></datafield><datafield ind1=" " ind2="4" tag="651"><subfield code="a">Kingston (N.Y.)</subfield><subfield code="v">Newspapers.</subfield></datafield><datafield ind1=" " ind2=" " tag="752"><subfield code="a">United States</subfield><subfield code="b">New York</subfield><subfield code="c">Ulster</subfield><subfield code="d">Kingston.</subfield></datafield><datafield ind1="0" ind2=" " tag="775"><subfield code="t">Kingston daily freeman</subfield><subfield code="w">(DLC)sn 85054405</subfield><subfield code="w">(OCoLC)11656172</subfield></datafield><datafield ind1="0" ind2="0" tag="780"><subfield code="t">Weekly freeman and journal</subfield><subfield code="w">(DLC)sn 83031210</subfield><subfield code="w">(OCoLC)9824056</subfield></datafield><datafield ind1="0" ind2="0" tag="785"><subfield code="t">Kingston weekly freeman and journal (Kingston, N.Y. : 1898)</subfield><subfield code="w">(DLC)sn 91066979</subfield><subfield code="w">(OCoLC)24530016</subfield></datafield><datafield ind1="1" ind2=" " tag="029"><subfield code="a">AU@</subfield><subfield code="b">000025855346</subfield></datafield></record>